@article{Muja2009,
author = {Muja, M. and Lowe, D.},
year = {2009},
month = {Jan},
pages = {331-340},
title = {Fast Approximate Nearest Neighbors with Automatic Algorithm Configuration.},
volume = {1},
journal = {VISAPP 2009 - Proceedings of the 4th International Conference on Computer Vision Theory and Applications}
}

@inproceedings{Arthur2007,
	author = {Arthur, D. and Vassilvitskii, S.},
	title = {K-Means++: The Advantages of Careful Seeding},
	year = {2007},
	isbn = {9780898716245},
	publisher = {Society for Industrial and Applied Mathematics},
	address = {USA},
	booktitle = {Proceedings of the Eighteenth Annual ACM-SIAM Symposium on Discrete Algorithms},
	pages = {1027–1035},
	numpages = {9},
	location = {New Orleans, Louisiana},
	series = {SODA ’07}
}

@ARTICLE{Lloyd1982,
	author={Lloyd, S.},
	journal={IEEE Transactions on Information Theory},
	title={Least squares quantization in PCM},
	year={1982},
	volume={28},
	number={2},
	pages={129-137},
	keywords={Least-squares approximation;PCM communication;Quantization (signal);Signal quantization},
	doi={10.1109/TIT.1982.1056489},
	ISSN={1557-9654},
	month={March},
}

@inproceedings{Sculley2010,
	author = {Sculley, D.},
	title = {Web-Scale k-Means Clustering},
	year = {2010},
	isbn = {9781605587998},
	publisher = {Association for Computing Machinery},
	address = {New York, NY, USA},
	url = {https://doi.org/10.1145/1772690.1772862},
	doi = {10.1145/1772690.1772862},
	booktitle = {Proceedings of the 19th International Conference on World Wide Web},
	pages = {1177–1178},
	numpages = {2},
	keywords = {sparse solutions, scalability, unsupervised clustering},
	location = {Raleigh, North Carolina, USA},
	series = {WWW ’10}
}

@article{Jegou2011,
  added-at = {2018-11-14T00:00:00.000+0100},
  author = {Jégou, H. and Douze, M. and Schmid, C.},
  biburl = {https://www.bibsonomy.org/bibtex/237cbfe1158b7724f6ba50f1454ce724e/dblp},
  ee = {https://www.wikidata.org/entity/Q48573183},
  interhash = {17bb4b1055081a79de10facf9eb02a7f},
  intrahash = {37cbfe1158b7724f6ba50f1454ce724e},
  journal = {IEEE Trans. Pattern Anal. Mach. Intell.},
  keywords = {dblp},
  number = 1,
  pages = {117-128},
  timestamp = {2018-11-15T15:02:05.000+0100},
  title = {Product Quantization for Nearest Neighbor Search.},
  url = {http://dblp.uni-trier.de/db/journals/pami/pami33.html#JegouDS11},
  volume = 33,
  year = 2011
}



